@manual{maxim,
    organization  = "Maxim Integrated",
    title         = "20W Stereo Class D Speaker Amplifier with Volume Control",
    number        = "19-4078",
    year          =  2008,
    month         =  "September",    
    note          = "Rev. 1"
}

@misc{RpiPrice,
  title = {The Pi Hut: Raspberry Pi Zero W},
  howpublished = {\url{https://thepihut.com/products/raspberry-pi-zero-w?variant=30332705425&gclid=CjwKCAjwq-TmBRBdEiwAaO1enxMWiJw4F1LAUdmrCvPGLcQuz9AKKGTZs0vQTi2oYGiHAQ7iA7zsERoCWHMQAvD_BwE}},
  note = {Accessed: 13/05/2019}
  }
